% This file was created with JabRef 2.9.2.
% Encoding: UTF8

@book{Barry_1995,
  author = {Barry, M. and Michaud, R. and Michaud, S.},
  title = {Faïences d'azur},
  date = {1995},
  publisher = {Imprimerie Nationale édition},
  location = {Paris},
  isbn = {},
}

@book{Burckhardt_1985,
  author = {Burckhardt, T.},
  title = {Langage et Signification. L'art de l'Islam. Inventaire des 
           belles maisons et des palais de Fès},
  date = {1985},
  publisher = {Sinbad},
  location = {Paris},
  isbn = {},
}

@inbook{Cambazard_1993,
  author = {Cambazard Amahan, C.},
  title = {Zillig, origines et schémas de composition au temps des 
           Mérinides},
  booktitle = {Zillig, l'art de la céramique marocaine},
  date = {1993},
  publisher = {Garnet Publishing Limited},
  location = {},
  isbn = {},
}

@book{Castera_1996,
  author = {Castera, J.M.},
  title = {Arabesques, art décoratif du maroc},
  date = {1996},
  publisher = {ACR éditions},
  location = {},
  isbn = {},
}

@book{Castera_1992,
  author = {Castera, J.M. and Jolis, H.},
  title = {Géométrie douce},
  date = {1992},
  publisher = {Atelier 6 ½},
  location = {Paris},
  isbn = {},
}

@inbook{Critchlow_1993,
  author = {Critchlow, K. and Marchant, P.},
  title = {Zillig, une étude géométrique},
  booktitle = {Zillig, l'art de la céramique marocaine},
  date = {1993},
  publisher = {Garnet Publishing Limited},
}

@inbook{Damluji_1993a,
  author = {Damluji, S.S.},
  title = {Zillig, espaces architecturaux},
  booktitle = {Zillig, l'art de la céramique marocaine},
  date = {1993},
  publisher = {Garnet Publishing Limited},
}

@inbook{Damluji_1993b,
  author = {Damluji, S.S.},
  title = {Zillig, un glossaire},
  booktitle = {Zillig, l'art de la céramique marocaine},
  date = {1993},
  publisher = {Garnet Publishing Limited},
}

@thesis{Dubernet_1997,
  author = {Dubernet, S.},
  title = {Défauts ponctuels dans les silicates, élaboration, 
           coloration, altération de verres archéologiques. 
           Caractérisation de défauts dans un luminophore silicaté},
  type = {Thèse de doctorat},
  institution = {Université Bordeaux~III},
  date = {1997}
}

@book{Eberhart_1989,
  author = {Eberhart, J.P.},
  title = {Analyse structurale et chimique des matériaux},
  date = {1989},
  publisher = {Dunod},
  location = {},
  isbn = {},
}

ECHALLIER J.C., 1984 – Eléments de technologie céramique et d'analyse des terres cuites archéologiques, Documents d'archéologie méridionale.
@book{Echallier_1984,
  author = {Echallier, J.C.},
  title = {Éléments de technologie céramique et d'analyse des terres 
           cuites archéologiques},
  date = {1984},
  publisher = {},
  location = {},
  isbn = {},
}

@thesis{El-Marraki_1998,
  author = {El-Marraki, A.},
  title = {Défauts ponctuels et luminescence des cristaux de 
           dévitrification. Détection et étude dans des glaçures 
           archéologiques},
  type = {Thèse de doctorat},
  institution = {Université Bordeaux~III},
  date = {1998}
}

@inbook{Erzini_1993a,
  author = {Erzini, N.},
  title = {Zillig, un contexte historique},
  booktitle = {Zillig, l'art de la céramique marocaine},
  date = {1993},
  publisher = {Garnet Publishing Limited},
}

@inbook{Erzini_1993b,
  author = {Erzini, N.},
  title = {Zillig, l'école de Tétouan},
  booktitle = {Zillig, l'art de la céramique marocaine},
  date = {1993},
  publisher = {Garnet Publishing Limited},
  location = {},
  isbn = {},
}

@book{Golvin_1965,
  author = {Golvin, L.},
  title = {Recherches archéologiques à la Qal'a des Banu Hammad},
  date = {1965},
  publisher = {Maisonneuve et Larose},
  location = {Paris},
  isbn = {},
}

@inbook{Golvin_1980,
  author = {Golvin, L.},
  title = {Les Céramiques émaillées de période hammadide. Qal'a des 
           Banu Hammad (Algérie)},
  booktitle = {La céramique médiévale en Méditerranée occidentale 
               X-XV\ieme siècle},
  date = {1980},
  publisher = {éd. du CNRS},
  location = {Valbonne},
  isbn = {},
}

@book{Golvin_1995,
  author = {Golvin, L.},
  title = {Arhitecture musulmane, la madrasa médiévale},
  date = {1995},
  publisher = {Edisud},
  location = {},
  isbn = {},
}

@article{Gratuze_1996,
  author = {Gratuze, B. and Soulier, I. and Blet, M. and Vallauri, L.},
  title = {De l'origine du cobalt : du verre à la céramique},
  journaltitle = {Revue d'Archéométrie},
  volume = {20},
  pages = {77-94},
  date = {1996},
}

@article{Handke_1994,
  author = {Handke, M.},
  title = {Specific features of the IR spectra of silicate glasses},
  journaltitle = {Journal of molecular structure},
  volume = {325},
  pages = {129-136},
  date = {1994},
}

@book{Hedgecoe_1993,
  author = {Hedgecoe, J. and Damluji, S.S.},
  title = {Zillig, l'art de la céramique marocaine},
  date = {1993},
  publisher = {Garnet Publishing Limited},
  location = {},
  isbn = {},
}

@thesis{Kapo_1996,
  author = {Kapo Chichi, E.},
  title = {Matériaux complexes et couleurs : hiérarchisation des 
           paramètres et prévision de la couleur dans un béton},
  type = {Thèse de doctorat},
  institution = {Université Montpellier~II},
  date = {1996}
}

@book{Korbendau_1997,
  author = {Korbendau, Y.},
  title = {L'architecture sacrée de l'Islam},
  date = {1997},
  publisher = {ACR Edition Internationale, Courbevoie, Paris}
}

@book{Kowaliski_1990,
  author = {Kowaliski, P.},
  title = {Vision et mesure de la couleur},
  date = {1990},
  publisher = {Masson},
  location = {},
  isbn = {},
}

@book{Marcais_1954,
  author = {Marçais, G.},
  title = {Architecture musulmane d'occident},
  date = {1954},
  page = {313-314},
  publisher = {Arts et Métiers graphiques},
  location = {Paris},
  isbn = {},
}

@book{Marcais_1962,
  author = {Marçais, G.},
  title = {L'art musulman},
  date = {1962},
  publisher = {Presses universitaire de France},
  location = {},
  isbn = {},
}

@book{Mourad_1998,
  author = {Mourad, K. and Ramirez, F. and Rolot, C.},
  title = {Arts et Tradition du Maroc},
  date = {1998},
  page = {56-57},
  publisher = {ACR Edition Internationale},
  location = {Courbevoie Paris},
  isbn = {},
}

@book{Paccard_1974,
  author = {Paccard, A.},
  title = {Le Maroc et l'artisanat traditionnel islamique dans 
           l'architecture marocaine},
  date = {1974},
  publisher = {Atelier},
  location = {},
  isbn = {},
}

@thesis{Rafaillac_1994,
  author = {Rafaillac-Desfosses, Claire},
  title = {Céramiques glaçurées médiévales, recherche de données 
           physiques sur les techniques de fabrication et sur 
           l'altération},
  type = {Thèse de doctorat},
  institution = {Université Bordeaux~III},
  date = {1994}
}

@book{Rhodes_1999,
  author = {Rhodes, D.},
  title = {Terres et glaçures, les techniques de l'émaillage},
  date = {1999},
  publisher = {Dessain et Tolra},
  location = {},
  isbn = {},
}

@book{Seve_1996,
  author = {Seve, R.},
  title = {Physique de la couleur. De l'apparence colorée à la 
           technique colorimétrique},
  date = {1996},
  publisher = {Masson},
  location = {},
  isbn = {},
}

@book{Soustiel_1985,
  author = {Soustiel, J.},
  title = {La céramique islamique, le guide du connaisseur},
  date = {1985},
  publisher = {éd. Office du livre},
  location = {Frigbourg},
  isbn = {},
}

@article{Stroud_1971,
  author = {Stroud, J.S.},
  title = {Optical absorption and color caused by selected cations 
           in high-density, lead silicate glass},
  journaltitle = {Journal of the American ceramic society},
  volume = {54(8)},
  pages = {401-406},
  date = {1971},
}

@article{Terel_1985,
  author = {Terel, A.M.},
  title = {La céramique islamique},
  journaltitle = {Archéologia},
  volume = {203},
  pages = {39-49},
  date = {1985},
}

@article{Tite_1987,
  author = {Tite, M.S.},
  title = {Characterisation of early vitrous material},
  journaltitle = {Archaeometry},
  volume = {29(1)},
  pages = {21-34},
  date = {1987},
}

@article{Tite_1998,
  author = {Tite, M.S. and Freestone, I. and Mason, R. and 
            Molera, J. and Vendrell, M. and Wood, N.},
  title = {Lead glazes inAntiquity, methods of production and reasons 
           for use},
  journaltitle = {Archaeometry},
  volume = {40(2)},
  pages = {241-260},
  date = {1998},
}

@book{Vittel_1976,
  author = {Vittel, C.},
  title = {Pâtes et glaçures céramiques},
  date = {1976},
  publisher = {Vevey},
  location = {Paris},
  isbn = {},
}

@article{Wood_1978a,
  author = {Wood, S. and Blachere, J.R.},
  title = {Corrosion of lead glasses in acid media : 
           I, leaching kinetics},
  journaltitle = {Journal of the American Ceramic Society},
  volume = {61(7-8)},
  pages = {292-294},
  date = {1978},
}

@article{Wood_1978b,
  author = {Wood, S. and Blachere, J.R.},
  title = {Corrosion of lead glasses in acid media : 
           II, Concentration profile measurements},
  journaltitle = {Journal of the American Ceramic Society},
  volume = {61(7-8)},
  pages = {287-292},
  date = {1978},
}

@article{Lajarte_1979,
  author = {de Lajarte, Stéphane},
  title = {Les verres colorés},
  journaltitle = { L'actualité céramique},
  volume = {},
  pages = {30-36},
  year = {1979},
  month = {10},
}

@online{web_CL,
  title     = {La \CL},
  url       = {http://loic.portelette.free.fr/aasaann.html},
  urldate   = {2000-04},
}

@online{web_MEB,
  title     = {Méthodes d'analyses},
  url       = {http://www.culture.fr/culture/conservation/fr/méthodes/méthodes.htm},
  urldate   = {2000-06},
}

@book{Kelly_1976,
  author = {Kelly, Kenneth Low and Judd, Deane Brewster},
  title = {Color : universal language and dictionary of names},
  date = {1976},
  publisher = {U.S. Dept. of Commerce, National Bureau of Standards},
  location = {Washington},
  language = {english},
  isbn = {},
}
