@inbook{Barrucand_1976,
  author = {Barrucand, M.},
  title = {L'architecture de la qasba de Moulay Ismaïl à Meknès},
  booktitle = {Études et travaux d'archéologie marocaine},
  date = {1976},
  volume = {VI},
  publisher = {},
  location = {},
  isbn = {},
}

@book{Barry_1995,
  title     = {Faïences d'azur},
  author    = {Barry, M. and Michaud, R. and Michaud, S.},
  date      = {1995},
  publisher = {Imprimerie Nationale édition, Paris},
  ISBN      = {}
}

@book{Burckhardt_1985,
  title     = {Langage et Signification. L'art de l'Islam. Inventaire des belles maisons et des palais de Fès},
  author    = {Burckhardt, T.},
  date      = {1985},
  publisher = {éd. Sinbad, Paris.},
  ISBN      = {}
}

@book{Castera_1992,
  title     = {Géométrie douce},
  author    = {Castera, J.M. and Jolis, H.},
  date      = {1992},
  publisher = {éd. Atelier 6 ½, Paris},
  ISBN      = {}
}

@book{Castera_1996,
  title     = {Arabesques, art décoratif du maroc},
  author    = {Castera, J.M.},
  date      = {1996},
  publisher = {ACR éditions},
  ISBN      = {}
}

BECHTEL F., GOURDON-PLATEL N., ETCHEVERRY M.P., GESS J.P., SCHVOERER M., 1996 – Marqueurs technologiques et céramique, détection par leur luminescence de composés silicatés formés au cours de la cuisson, Actes du colloque de Périgueux 1995, supplément à la revue d'Archéométrie (1996), pp. 125-131.

BOCH P. et LEJEUNE M., 1984 – Le feu et l'argile : la physico-chimie des céramiques, PACT 10, Datation, caractérisation des céramiques anciennes, pp. 224-236.


@thesis{
  title     = {Défauts ponctuels et luminescence des cristaux de dévitrification. Détection et étude dans des glaçures archéologiques},
  author    = {El-Marraki, A.},
  date      = {1998},
}

DELVERT S., RAFAILLAC-DESFOSSES C., BECHTEL F., SCHVOERER M., 1991 – Quelques glaçures "miel" de la céramique médiévale de la région de Guadix (province de Grenade). Une description physique, Rapport de recherche destiné à l'URA 1009 (L. Preyssouyre).

DUBERNET S. et SCHVOERER M., 1996 – Verres romains à scènes de spectacles d'excisum (Villeneuve sur Lot - Eysses, France), II - Origine de la couleur et implications technologiques, verre, vol. 2(4), pp. 26-33.

@thesis{
  title = {Défauts ponctuels dans les silicates, élaboration, coloration, altération de verres archéologiques. Caractérisation de défauts dans un luminophore silicaté},
  author    = {Dubernet, S.},
  date      = {1997}
}

@book{,
  title     = {Analyse structurale et chimique des matériaux},
  author    = {Eberhart, J.P.},
  date      = {1989},
  publisher = {éd. Dunod},
  ISBN      = {}
}

ECHALLIER J.C., 1984 – Eléments de technologie céramique et d'analyse des terres cuites archéologiques, Documents d'archéologie méridionale.

@book{,
  title     = {Recherches archéologiques à la Qal'a des Banu Hammad},
  author    = {Golvin, L.},
  date      = {1965},
  publisher = {Ed. Maisonneuve et Larose, Paris},
  ISBN      = {}
}

@book{,
  title     = {Arhitecture musulmane, la madrasa médiévale},
  author    = {Golvin, L.},
  date      = {1995},
  publisher = {Edisud},
  ISBN      = {}
}

@article{,
  title     = {De l'origine du cobalt : du verre à la céramique},
  author    = {Gratuze, B. and Soulier, I. and Blet, M. and Vallauri, L.},
  journal   = {Revue d'Archéométrie},
  volume    = {20},
  pages     = {77-94},
  date      = {1996}
}

@article{,
  title     = {Specific features of the IR spectra of silicate glasses},
  author    = {Handke, M.},
  journal   = {Journal of molecular structure},
  volume    = {325},
  pages     = {129-136},
  date      = {1994}
}

@book{,
  title     = {Zillig, l'art de la céramique marocaine},
  author    = {Hedgecoe, J. and Damluji, S.S.},
  date      = {1993},
  publisher = {éd. Garnet Publishing Limited},
  ISBN      = {}
}

@thesis{
  title     = {Matériaux complexes et couleurs : hiérarchisation des paramètres et prévision de la couleur dans un béton},
  author    = {Kapo Chichi, E.},
  date      = {1996}
}

@book{,
  title     = {L'architecture sacrée de l'Islam},
  author    = {Korbendau, Y.},
  date      = {1997},
  publisher = {ACR Edition Internationale, Courbevoie, Paris},
  ISBN      = {}
}

@book{,
  title     = {Vision et mesure de la couleur},
  author    = {Kowaliski, P.},
  date      = {1990},
  publisher = {éd. Masson},
  ISBN      = {}
}

LACAM G., 1960 – La céramique musulmane des époques omeyyade et abasside, VIIe-Xe s, Cahier de la céramique, du verre et des arts du feu, vol. 20, pp. 258-283.

LAJARTE S. de, 1979 – Les verres colorés, L'actualité céramique, oct. 1979, pp.30-36.

MARÇAIS G., 1927 – Manuel d'art musulman. L'Architecture. Tunisie, Algérie, Maroc, Espagne, Sicile. Tome II (du XIIIe au XIXe siècle), éd. Auguste Picard, Paris.

@book{,
  title     = {Architecture musulmane d'occident},
  author    = {Marçais, G.},
  date      = {1954},
  publisher = {éd. Arts et Métiers graphiques Paris},
  page      = {313-314},
  ISBN      = {}
}

@book{,
  title     = {L'art musulman},
  author    = {Marçais, G.},
  date      = {1962},
  publisher = {Presses universitaire de France},
  ISBN      = {}
}
,  – , .

@book{,
  title     = {Arts et Tradition du Maroc},
  author    = {Mourad, K. and Ramirez, F. and Rolot, C.},
  date      = {1998},
  publisher = {ACR Edition Internationale, Courbevoie Paris},
  page      = {56-57},
  ISBN      = {}
}

MRABET A., 1997 – Introduction à l'étude de la céramique architecturale d'Ifriqiya : état de la question. Données archéologiques et éthno-archéologiques La céramique médiévale en Méditerranée, Actes du VIe congrès de l'AIECM2, Aix‑en‑Provence, 13-18 nov 1995,  Narrations Editions.

NORTHEDGE A., 1995 – Les origines de la céramique à glaçure polychrome dans le monde islamique, La céramique médiévale en Méditerranée, Actes du VIe congrès de l'AIECM2, Aix‑en‑Provence, 13-18 nov 1995, pp. 213-222, Narrations Editions.

@book{,
  title     = {Le Maroc et l'artisanat traditionnel islamique dans l'architecture marocaine},
  author    = {Paccard, A.},
  date      = {1974},
  publisher = {éd. Atelier},
  ISBN      = {}
}
,  – , Tome I, .

PEREZ-ARANTEGUI J., 1997 – Les glaçures et les premiers émaux sur la céramique islamique en al-Andalous (Espagne), Techne (LMF), vol. 6, pp. 21-24.

PERINET G., 1960 – Contribution de la diffraction des rayons X à l'évaluation de la température de cuisson d'une céramique, Transaction of the VIIth International Ceramis Congress London, pp. 371-376.

PETERS T., IBERG R., 1978 – Mineralogical changes during firing of calcium-rich brick clays, American Ceramic Society Bulletin, vol. 57(5).

PIPONNIER D., BECHTEL F., FLORIN D., MOLERA J., SCHVOERER M., VENDRELL M., 1997 – Apport de la cathodoluminescence à l'étude des trasformations de phases cristallines dans des céramiques kaolinitiques carbonatées, Key Engineering Materials, vol. 132-136, pp. 1470-1473.

@thesis{
  title     = {Céramiques glaçurées médiévales, recherche de données physiques sur les techniques de fabrication et sur l'altération},
  author    = {Rafaillac-Desfosses, C.},
  date      = {1994}
}

RAFAILLAC-DESFOSSES C., BECHTEL F., SCHVOERER M, 1999 – Glaçures plombifères syriennes (Xe-XIIe siècles A.D.), altération, couleur et composition, IVe congrès européen sur la céramique ancienne, Andorre, 12-15 nov. 1997, pp. 262-274.

REVAULT J., 1985 – Palais et demeures de Fès, I. Epoques mérinide et saadienne (XIVe‑XVIIe siècles), éd. du CNRS.

@book{,
  title     = {Terres et glaçures, les techniques de l'émaillage},
  author    = {Rhodes, D.},
  date      = {1999},
  publisher = {éd. Dessain et Tolra},
  ISBN      = {}
}

SCHVOERER M., RAFFAILLAC-DESFOSSE C., BECHTEL F., NEY C., CHAPOULIE R., 1994 – Détection, grâce à leur luminescence, de cristaux de dévitrifications dans des glaçures médiévales. Implications technologiques, European Workshop, université de Rome, la Sapienza, pp. 323-342.

SCHVOERER M., BECHTEL F., GOURDON-PLATEL N., CHAPOULIE R., 1996 – Sur la luminescence de quelques carbonates, Mém. Soc. Géol. France, vol.169, pp. 55-61.

@book{,
  title     = {Physique de la couleur. De l'apparence colorée à la technique colorimétrique},
  author    = {Seve, R.},
  date      = {1996},
  publisher = {éd. Masson},
  ISBN      = {}
}

@book{,
  title     = {La céramique islamique, le guide du connaisseur},
  author    = {Soustiel, J.},
  date      = {1985},
  publisher = {éd. Office du livre, Frigbourg},
  ISBN      = {}
}

STERPENICH J. ET LIBOUREL G., 1997 – Les vitraux médiévaux : caractérisation physico-chimique de l'altération, Techne (LMF), vol. 6, p.70-78.

@article{,
  title     = {Optical absorption and color caused by selected cations in high-density, lead silicate glass},
  author    = {Stroud, J.S.},
  journal   = {Journal of the American ceramic society},
  volume    = {54(8)},
  pages     = {401-406},
  date      = {1971}
}

@article{,
  title     = {La céramique islamique},
  author    = {Terel, A.M.},
  journal   = {Archéologia},
  volume    = {203},
  pages     = {39-49},
  date      = {1985}
}

THIRIOT J., 1997 – Les fours pour la préparation des glaçures dans le monde méditerranéen, La céramique médiévale en Méditerranée, Actes du VIe congrès de l'AIECM2, Aix‑en‑Provence, 13-18 nov 1995, pp. 513-521, Narrations Editions.

@article{,
  title     = {Characterisation of early vitrous material},
  author    = {Tite, M.S.},
  journal   = {Archaeometry},
  volume    = {29(1)},
  pages     = {21-34},
  date      = {1987}
}

@article{,
  title     = {Lead glazes in Antiquity, methods of production and reasons for use},
  author    = {Tite, M.S. and Freestone, I. and Mason, R. and Molera, J. and Vendrell, M. and Wood, N.},
  journal   = {Archaeometry},
  volume    = {40(2)},
  pages     = {241-260},
  date      = {1998}
}

VANDIVER P., 1990 – Les glaçures des céramiques anciennes, Pour la science, vol. 152, pp. 78-86.

@book{,
  title     = {Pâtes et glaçures céramiques},
  author    = {VITTEL C.},
  date      = {1976},
  publisher = {éd. Vevey, Paris},
  ISBN      = {}
}

@article{,
  title     = {Corrosion of lead glasses in acid media : I, leaching kinetics},
  author    = {Wood, S. and Blachere, J.R.},
  journal   = {Journal of the American Ceramic Society},
  volume    = {61(7-8)},
  pages     = {292-294},
  date      = {1978}
}

@article{,
  title     = {Corrosion of lead glasses in acid media : II, Concentration profile measurements},
  author    = {Wood, S. and Blachere, J.R.},
  journal   = {Journal of the American Ceramic Society},
  volume    = {61(7-8)},
  pages     = {287-292},
  date      = {1978}
}

L'art céramique, 1981 – Métiers d'art, vol. 16-17.

Maroc, les trésors du royaume, 1999 – Exposition du Petit Palais musée des Beaux-Arts de la ville de Paris, éd. Plume Paris Musées AFAA, 15 avril-18 juillet 1999.
